%%%%%%%%%%%%%%%%%%%%%%%%%%%%%%
% Grasp based on Primitives
%%%%%%%%%%%%%%%%%%%%%%%%%%%%%%
@inproceedings{miller2003automatic,
  title={Automatic grasp planning using shape primitives},
  author={Miller, Andrew T and Knoop, Steffen and Christensen, Henrik I and Allen, Peter K},
  booktitle={Robotics and Automation, 2003. Proceedings. ICRA'03. IEEE International Conference on},
  volume={2},
  pages={1824--1829},
  year={2003},
  organization={IEEE}
}

%%%%%%%%%%%%%%%%%%%%%%%%%%
% Grasp Taxonomy
%%%%%%%%%%%%%%%%%%%%%%%%%%
@inproceedings{feix2009comprehensive,
  title={A comprehensive grasp taxonomy},
  author={Feix, Thomas and Pawlik, Roland and Schmiedmayer, H and Romero, Javier and Kragic, Danica},
  booktitle={Robotics, Science and Systems: Workshop on Understanding the Human Hand for Advancing Robotic Manipulation},
  pages={2--3},
  year={2009}
}

@article{cutkosky1989grasp,
  title={On grasp choice, grasp models, and the design of hands for manufacturing tasks},
  author={Cutkosky, Mark R},
  journal={Robotics and Automation, IEEE Transactions on},
  volume={5},
  number={3},
  pages={269--279},
  year={1989},
  publisher={IEEE}
}

@inproceedings{lyons1985simple,
  title={A simple set of grasps for a dextrous hand},
  author={Lyons, Damian},
  booktitle={Robotics and Automation. Proceedings. 1985 IEEE International Conference on},
  volume={2},
  pages={588--593},
  year={1985},
  organization={IEEE}
}

